<?xml version="1.0" encoding="UTF-8"?><collection xmlns="http://www.loc.gov/MARC21/slim"><record><leader>00509nam--2200157-i-4500</leader><controlfield tag="001">000001578</controlfield><controlfield tag="002">20161230</controlfield><controlfield tag="005">20161230201024</controlfield><controlfield tag="008">060222s1000------------r-----000-0-eng-d</controlfield><datafield ind1=" " ind2=" " tag="080"><subfield code="a">519.624(043)</subfield></datafield><datafield ind1=" " ind2=" " tag="100"><subfield code="a">Esteve-lefevere, Anne-marie</subfield></datafield><datafield ind1=" " ind2=" " tag="245"><subfield code="a">Etude d un probleme aux limites non lineaire lie a l equation de laplace d une membrane elastique de revolution</subfield></datafield><datafield ind1=" " ind2=" " tag="260"><subfield code="a">Paris, Universite De Paris-sud, 1976./P.Dif.</subfield></datafield><datafield ind1=" " ind2=" " tag="490"><subfield code="a">Centre D Orsay</subfield></datafield><datafield ind1=" " ind2=" " tag="852"><subfield code="a">44920</subfield><subfield code="c">517.9</subfield></datafield><datafield ind1=" " ind2=" " tag="CAT"><subfield code="a">Sys</subfield><subfield code="c">20081024</subfield><subfield code="h">072155</subfield></datafield></record></collection>